<?xml version="1.0" encoding="UTF-8"?><collection xmlns="http://www.loc.gov/MARC21/slim"><record><leader>00352nam--2200133-i-4500</leader><controlfield tag="001">000043742</controlfield><controlfield tag="002">20161230</controlfield><controlfield tag="005">20161230201044</controlfield><controlfield tag="008">060222s1000------------r-----000-0-eng-d</controlfield><datafield ind1=" " ind2=" " tag="080"><subfield code="a">621.37/.38(075.8):61(075.8)</subfield></datafield><datafield ind1=" " ind2=" " tag="100"><subfield code="a">Strungaru, Rodica</subfield></datafield><datafield ind1=" " ind2=" " tag="245"><subfield code="a">Electronica medicala</subfield></datafield><datafield ind1=" " ind2=" " tag="260"><subfield code="a">Bucuresti, Ed.Didactica Si Pedagogica, 1982, 318p</subfield></datafield><datafield ind1=" " ind2=" " tag="852"><subfield code="a">70489</subfield></datafield></record></collection>